%% LaTeX2e file `example.bib'
%% generated by the `filecontents' environment
%% from source `report' on 2021/05/23.
%%
    @article{程昌品2010基于信息增益比的决策树用于毕业生就业预测,
    title={基于信息增益比的决策树用于毕业生就业预测},
    author={程昌品 and 陈强},
    journal={计算机仿真},
    volume={27},
    number={002},
    pages={299-302},
    year={2010},
    }

    @article{刘光明2009基于信息熵的,
    title={基于信息熵的ID3分类算法的研究},
    author={刘光明 and 欧阳晓琴},
    journal={井冈山大学学报(自然科学版)},
    number={2期},
    pages={46-49},
    year={2009},
    }

    @article{李鑫宇0信息熵的来源与应用,
    title={信息熵的来源与应用},
    author={李鑫宇},
    journal={文理导航·教育研究与实践},
    }

    @article{决策树算法中基尼指数与信息增益的比较,
    title={决策树算法中基尼指数与信息增益的比较},
    author={夏风之羽},
    journal={CSDN},
    }

    @article{2006Inequality,
    title={Inequality Analysis: The Gini Index},
    author={ Liberati, P.  and  Bellu, L. },
    year={2006},
    }

    @article{机器学习之决策树算法中：信息熵、信息增益、信息增益率和基尼指数的计算,
    title={机器学习之决策树算法中：信息熵、信息增益、信息增益率和基尼指数的计算},
    author={霈行千里},
    journal={CSDN},
    }

    @article{王兆红2006基于信息熵的决策树,
    title={基于信息熵的决策树},
    author={王兆红},
    journal={潍坊学院学报},
    volume={006},
    number={004},
    pages={28-29},
    year={2006},
    }
