@article{李鑫宇0信息熵的来源与应用,
  title={信息熵的来源与应用},
  author={李鑫宇},
  journal={文理导航 教育研究与实践},
}

@article{决策树算法中基尼指数与信息增益的比较,
  title={决策树算法中基尼指数与信息增益的比较},
  author={夏风之羽},
  journal={CSDN},
}

@article{2006Inequality,
  title={Inequality Analysis: The Gini Index},
  author={ Liberati, P.  and  Bellu, L. },
  year={2006},
}

@article{机器学习之决策树算法中：信息熵、信息增益、信息增益率和基尼指数的计算,
  title={机器学习之决策树算法中：信息熵、信息增益、信息增益率和基尼指数的计算},
  author={霈行千里},
  journal={CSDN},
}

@article{王兆红2006基于信息熵的决策树,
  title={基于信息熵的决策树},
  author={王兆红},
  journal={潍坊学院学报},
  volume={006},
  number={004},
  pages={28-29},
  year={2006},
}